@article{schuepp1990footprint,
  title={Footprint prediction of scalar fluxes from analytical solutions of the diffusion equation},
  author={Schuepp, PH and Leclerc, MY and MacPherson, JI and Desjardins, RL},
  journal={Boundary-Layer Meteorology},
  volume={50},
  number={1-4},
  pages={355--373},
  year={1990},
  publisher={Springer}
}